<collection xmlns="http://www.loc.gov/MARC21/slim">
<record>
  <leader>06373nam0a2200925 i 450 </leader>
  <controlfield tag="001">IT\ICCU\CNCE\049726</controlfield>
  <controlfield tag="005">20190502000000.0</controlfield>
  <datafield tag="012" ind1=" " ind2=" ">
    <subfield code="a">--a, i.f. a.us Cani (3) 1552 (R)</subfield>
    <subfield code="2">fei</subfield>
    <subfield code="9">1A</subfield>
  </datafield>
  <datafield tag="012" ind1=" " ind2=" ">
    <subfield code="a">o-i. 3.d. a.us Cani (3) 1552 (R)</subfield>
    <subfield code="2">fei</subfield>
    <subfield code="9">1B</subfield>
  </datafield>
  <datafield tag="012" ind1=" " ind2=" ">
    <subfield code="a">i-e- urt- reV. poti (3) 1552 (R)</subfield>
    <subfield code="2">fei</subfield>
    <subfield code="9">2A</subfield>
  </datafield>
  <datafield tag="012" ind1=" " ind2=" ">
    <subfield code="a">vtna urt- reV. poti (3) 1552 (R)</subfield>
    <subfield code="2">fei</subfield>
    <subfield code="9">2B</subfield>
  </datafield>
  <datafield tag="100" ind1=" " ind2=" ">
    <subfield code="a">19991118d1552        0itac0103    ba</subfield>
  </datafield>
  <datafield tag="101" ind1=" " ind2=" ">
    <subfield code="a">LAT</subfield>
  </datafield>
  <datafield tag="102" ind1=" " ind2=" ">
    <subfield code="a">IT</subfield>
  </datafield>
  <datafield tag="200" ind1="1" ind2=" ">
    <subfield code="a">Statuta Mediol.i cum appostillis clarissimi viri iureconsulti Mediolanensis domini Catelliani Cottae in meliorem formam, quam antehac typis excusa. Quibus deind ̈copiosus adiectus est elenchus, una cum annotationibus quibusdam ad ipsa statuta maxim ̈facientibus, an \!! egregio iurecon. d. Antonio Rubeo nn̮c primum in lucem aeditus</subfield>
  </datafield>
  <datafield tag="210" ind1=" " ind2=" ">
    <subfield code="a">Mediolani</subfield>
    <subfield code="c">apud Io. Antonium Castellionaeum</subfield>
    <subfield code="c">impensis d. Io. Baptistae et fratrum de Serono</subfield>
    <subfield code="d">1552</subfield>
  </datafield>
  <datafield tag="215" ind1=" " ind2=" ">
    <subfield code="a">2 pt.</subfield>
    <subfield code="d">fol</subfield>
  </datafield>
  <datafield tag="300" ind1=" " ind2=" ">
    <subfield code="a">2: Nouissima Mediolani statuta. - 1552 (Impressum Mediolani : apud Ioan. Antonium Castilionaeum Mediolanensem : impensis d. Io. Baptistae &amp; fratrum de Seronibus, 1550). - Var. B: Ricomposti i primi due fascicoli di entrambe le parti</subfield>
  </datafield>
  <datafield tag="620" ind1=" " ind2=" ">
    <subfield code="a">IT</subfield>
    <subfield code="d">Milano</subfield>
  </datafield>
  <datafield tag="710" ind1="0" ind2="2">
    <subfield code="a">Milano</subfield>
    <subfield code="c"> &lt;Ducato&gt;</subfield>
    <subfield code="3">6960</subfield>
  </datafield>
  <datafield tag="702" ind1=" " ind2="1">
    <subfield code="a">De_Rossi,</subfield>
    <subfield code="b">Giovanni Antonio</subfield>
    <subfield code="3">IT\ICCU\CNCA\008719</subfield>
  </datafield>
  <datafield tag="702" ind1=" " ind2="1">
    <subfield code="a">Cotta,</subfield>
    <subfield code="b">Catelliano</subfield>
    <subfield code="3">IT\ICCU\CNCA\003551</subfield>
  </datafield>
  <datafield tag="712" ind1="0" ind2="0">
    <subfield code="a">Castiglione, Giovanni Antonio</subfield>
    <subfield code="3">IT\ICCU\CNCT\000391</subfield>
    <subfield code="4">650</subfield>
  </datafield>
  <datafield tag="712" ind1="0" ind2="0">
    <subfield code="a">Serono, Giovanni Battista &amp; fratelli</subfield>
    <subfield code="3">IT\ICCU\CNCT\002240</subfield>
    <subfield code="4">650</subfield>
  </datafield>
  <datafield tag="790" ind1=" " ind2="1">
    <subfield code="a">Rubeus,</subfield>
    <subfield code="b">Iohannes Antonius : de</subfield>
    <subfield code="3">IT\ICCU\CNCA\016664</subfield>
    <subfield code="z">De_Rossi, Giovanni Antonio</subfield>
  </datafield>
  <datafield tag="790" ind1=" " ind2="1">
    <subfield code="a">Rossi,</subfield>
    <subfield code="b">Giovanni Antonio</subfield>
    <subfield code="3">IT\ICCU\CNCA\016679</subfield>
    <subfield code="z">De_Rossi, Giovanni Antonio</subfield>
  </datafield>
  <datafield tag="790" ind1=" " ind2="1">
    <subfield code="a">Cotta,</subfield>
    <subfield code="b">Catellianus</subfield>
    <subfield code="3">IT\ICCU\CNCA\013809</subfield>
    <subfield code="z">Cotta, Catelliano</subfield>
  </datafield>
  <datafield tag="791" ind1="0" ind2="0">
    <subfield code="a">Castelliono, Ioanne Antonio de</subfield>
    <subfield code="3">IT\ICCU\CNCT\004541</subfield>
    <subfield code="z">Castiglione, Giovanni Antonio</subfield>
  </datafield>
  <datafield tag="791" ind1="0" ind2="0">
    <subfield code="a">Castillioneus, Ioannes Antonius</subfield>
    <subfield code="3">IT\ICCU\CNCT\004543</subfield>
    <subfield code="z">Castiglione, Giovanni Antonio</subfield>
  </datafield>
  <datafield tag="791" ind1="0" ind2="0">
    <subfield code="a">Castellono, Juan Antonio de</subfield>
    <subfield code="3">IT\ICCU\CNCT\004545</subfield>
    <subfield code="z">Castiglione, Giovanni Antonio</subfield>
  </datafield>
  <datafield tag="791" ind1="0" ind2="0">
    <subfield code="a">Castelleone, Ioannes  Antonius a</subfield>
    <subfield code="3">IT\ICCU\CNCT\004546</subfield>
    <subfield code="z">Castiglione, Giovanni Antonio</subfield>
  </datafield>
  <datafield tag="791" ind1="0" ind2="0">
    <subfield code="a">Seroni, Giovanni Battista &amp; fratelli</subfield>
    <subfield code="3">IT\ICCU\CNCT\005655</subfield>
    <subfield code="z">Serono, Giovanni Battista &amp; fratelli</subfield>
  </datafield>
  <datafield tag="791" ind1="0" ind2="0">
    <subfield code="a">Seronibus, Ioannes Baptista  de &amp; fratelli</subfield>
    <subfield code="3">IT\ICCU\CNCT\005656</subfield>
    <subfield code="z">Serono, Giovanni Battista &amp; fratelli</subfield>
  </datafield>
  <datafield tag="801" ind1=" " ind2="3">
    <subfield code="a">IT</subfield>
    <subfield code="b">ICCU</subfield>
    <subfield code="c">20201115</subfield>
  </datafield>
  <datafield tag="899" ind1=" " ind2=" ">
    <subfield code="a">Biblioteca estera - MSU Libraries - Michigan State University. </subfield>
    <subfield code="z">(Var. B)</subfield>
    <subfield code="1">AA0026</subfield>
  </datafield>
  <datafield tag="899" ind1=" " ind2=" ">
    <subfield code="a">Biblioteca civica A. Mai. Bergamo</subfield>
    <subfield code="1">BG0026</subfield>
    <subfield code="2">LO1 02</subfield>
  </datafield>
  <datafield tag="899" ind1=" " ind2=" ">
    <subfield code="a">Museo Camuno. Breno</subfield>
    <subfield code="1">BS0025</subfield>
    <subfield code="2">ZBS 03</subfield>
  </datafield>
  <datafield tag="899" ind1=" " ind2=" ">
    <subfield code="a">Biblioteca della Fondazione Ugo da Como. Lonato</subfield>
    <subfield code="1">BS0092</subfield>
    <subfield code="2">LO1 18</subfield>
  </datafield>
  <datafield tag="899" ind1=" " ind2=" ">
    <subfield code="a">Biblioteca comunale G. U. Lanfranchi. Palazzolo sull&apos;Oglio</subfield>
    <subfield code="1">BS0124</subfield>
    <subfield code="2">ZBS 08</subfield>
  </datafield>
  <datafield tag="899" ind1=" " ind2=" ">
    <subfield code="a">Biblioteca del Convento francescano. Dongo</subfield>
    <subfield code="z">MUTILO</subfield>
    <subfield code="1">CO0075</subfield>
    <subfield code="2">ZCO 04</subfield>
  </datafield>
  <datafield tag="899" ind1=" " ind2=" ">
    <subfield code="a">Archivio di Stato di Como. Como</subfield>
    <subfield code="1">CO0271</subfield>
    <subfield code="2">ZCO 06</subfield>
  </datafield>
  <datafield tag="899" ind1=" " ind2=" ">
    <subfield code="a">Biblioteca statale. Cremona</subfield>
    <subfield code="1">CR0062</subfield>
    <subfield code="2">LO1 28</subfield>
  </datafield>
  <datafield tag="899" ind1=" " ind2=" ">
    <subfield code="a">Biblioteca nazionale centrale. Firenze</subfield>
    <subfield code="z">MUTILO</subfield>
    <subfield code="1">FI0098</subfield>
    <subfield code="2">CFI CF</subfield>
  </datafield>
  <datafield tag="899" ind1=" " ind2=" ">
    <subfield code="a">Biblioteca di Scienze sociali. Firenze</subfield>
    <subfield code="1">FI0597</subfield>
    <subfield code="2">UFI KE</subfield>
  </datafield>
  <datafield tag="899" ind1=" " ind2=" ">
    <subfield code="a">Biblioteca Ambrosiana. Milano</subfield>
    <subfield code="1">MI0133</subfield>
    <subfield code="2">VBA 01</subfield>
  </datafield>
  <datafield tag="899" ind1=" " ind2=" ">
    <subfield code="a">Biblioteca comunale centrale. Milano</subfield>
    <subfield code="1">MI0162</subfield>
    <subfield code="2">LO1 01</subfield>
  </datafield>
  <datafield tag="899" ind1=" " ind2=" ">
    <subfield code="a">Biblioteca nazionale Braidense. Milano</subfield>
    <subfield code="1">MI0185</subfield>
    <subfield code="2">MIL NB</subfield>
  </datafield>
  <datafield tag="899" ind1=" " ind2=" ">
    <subfield code="a">Biblioteca della Societ ̉storica lombarda. Milano</subfield>
    <subfield code="1">MI0255</subfield>
    <subfield code="2">MIL ST</subfield>
  </datafield>
  <datafield tag="899" ind1=" " ind2=" ">
    <subfield code="a">Biblioteca Universit ̉Commerciale Luigi Bocconi. Milano</subfield>
    <subfield code="1">MI0274</subfield>
    <subfield code="2">ZMI 68</subfield>
  </datafield>
  <datafield tag="899" ind1=" " ind2=" ">
    <subfield code="a">Biblioteca di Ateneo dell&apos;Universit ̉cattolica del Sacro Cuore. Milano</subfield>
    <subfield code="1">MI0291</subfield>
    <subfield code="2">ZMI 18</subfield>
  </datafield>
  <datafield tag="899" ind1=" " ind2=" ">
    <subfield code="a">Biblioteca dell&apos;Archivio di Stato di Milano. Milano</subfield>
    <subfield code="1">MI0325</subfield>
    <subfield code="2">LO1 50</subfield>
  </datafield>
  <datafield tag="899" ind1=" " ind2=" ">
    <subfield code="a">Archivio storico civico e Biblioteca Trivulziana. Milano</subfield>
    <subfield code="1">MI0327</subfield>
    <subfield code="2">LO1 13</subfield>
  </datafield>
  <datafield tag="899" ind1=" " ind2=" ">
    <subfield code="a">Biblioteca civica centrale. Monza</subfield>
    <subfield code="z">MUTILO</subfield>
    <subfield code="1">MI0377</subfield>
    <subfield code="2">LO1 97</subfield>
  </datafield>
  <datafield tag="899" ind1=" " ind2=" ">
    <subfield code="a">Biblioteca dell&apos;Abbazia S. Benedetto. Seregno</subfield>
    <subfield code="1">MI0441</subfield>
    <subfield code="2">ZMI 23</subfield>
  </datafield>
  <datafield tag="899" ind1=" " ind2=" ">
    <subfield code="a">Biblioteca e Archivio del Capitolo metropolitano. Milano</subfield>
    <subfield code="1">MI0489</subfield>
    <subfield code="2">PBE C0</subfield>
  </datafield>
  <datafield tag="899" ind1=" " ind2=" ">
    <subfield code="a">Biblioteca della Fondazione Istituto per la storia dell&apos;et ̉contemporanea. Sesto San Giovanni</subfield>
    <subfield code="1">MI1022</subfield>
    <subfield code="2">LO1 21</subfield>
  </datafield>
  <datafield tag="899" ind1=" " ind2=" ">
    <subfield code="a">Biblioteca del Dipartimento di diritto privato e storia del diritto dell&apos;Universit ̉degli studi di Milano. Milano</subfield>
    <subfield code="1">MI1334</subfield>
    <subfield code="2">USM L1</subfield>
  </datafield>
  <datafield tag="899" ind1=" " ind2=" ">
    <subfield code="a">Biblioteca Estense Universitaria. Modena</subfield>
    <subfield code="z">(Var. B) - MUTILO</subfield>
    <subfield code="1">MO0089</subfield>
    <subfield code="2">MOD BE</subfield>
  </datafield>
  <datafield tag="899" ind1=" " ind2=" ">
    <subfield code="a">Biblioteca nazionale Vittorio Emanuele III. Napoli</subfield>
    <subfield code="1">NA0079</subfield>
    <subfield code="2">NAP BN</subfield>
  </datafield>
  <datafield tag="899" ind1=" " ind2=" ">
    <subfield code="a">Biblioteca comunale Carlo Negroni. Novara</subfield>
    <subfield code="1">NO0054</subfield>
    <subfield code="2">TO0 08</subfield>
  </datafield>
  <datafield tag="899" ind1=" " ind2=" ">
    <subfield code="a">Biblioteca Palatina. Parma</subfield>
    <subfield code="1">PR0072</subfield>
    <subfield code="2">PAR PA</subfield>
  </datafield>
  <datafield tag="899" ind1=" " ind2=" ">
    <subfield code="a">Biblioteca comunale Lucio Mastronardi. Vigevano</subfield>
    <subfield code="1">PV0188</subfield>
    <subfield code="2">PAV 52</subfield>
  </datafield>
  <datafield tag="899" ind1=" " ind2=" ">
    <subfield code="a">Biblioteca universitaria. Pavia</subfield>
    <subfield code="z">(Var. A e B)</subfield>
    <subfield code="1">PV0291</subfield>
    <subfield code="2">MIL UP</subfield>
  </datafield>
  <datafield tag="899" ind1=" " ind2=" ">
    <subfield code="a">Biblioteca della Facolt ̉di giurisprudenza dell&apos;Universit ̉degli studi di Pavia. Pavia</subfield>
    <subfield code="1">PV0295</subfield>
    <subfield code="2">PAV U3</subfield>
  </datafield>
  <datafield tag="899" ind1=" " ind2=" ">
    <subfield code="a">Archivio storico comunale. Fondo antico Roncalli. Vigevano</subfield>
    <subfield code="1">PV0356</subfield>
    <subfield code="2">LO1 53</subfield>
  </datafield>
  <datafield tag="899" ind1=" " ind2=" ">
    <subfield code="a">Biblioteca  Panizzi. Reggio Emilia</subfield>
    <subfield code="1">RE0052</subfield>
    <subfield code="2">RE2 PA</subfield>
  </datafield>
  <datafield tag="899" ind1=" " ind2=" ">
    <subfield code="a">Biblioteca universitaria Alessandrina. Roma</subfield>
    <subfield code="1">RM0280</subfield>
    <subfield code="2">RML 01</subfield>
  </datafield>
  <datafield tag="899" ind1=" " ind2=" ">
    <subfield code="a">Biblioteca del Senato della Repubblica Giovanni Spadolini. Roma</subfield>
    <subfield code="z">(Var.A,B)</subfield>
    <subfield code="1">RM0427</subfield>
    <subfield code="2">ZRM 12</subfield>
  </datafield>
  <datafield tag="899" ind1=" " ind2=" ">
    <subfield code="a">Biblioteca centrale giuridica. Roma</subfield>
    <subfield code="1">RM0731</subfield>
    <subfield code="2">RMG CG</subfield>
  </datafield>
  <datafield tag="899" ind1=" " ind2=" ">
    <subfield code="a">Biblioteca di area Giuridico Politologica dell&apos;Universit ̉di Siena. Siena</subfield>
    <subfield code="1">SI0104</subfield>
    <subfield code="2">RT1 QU</subfield>
  </datafield>
  <datafield tag="899" ind1=" " ind2=" ">
    <subfield code="a">Sistema bibliotecario di ateneo. Trento</subfield>
    <subfield code="z">(Var. B)</subfield>
    <subfield code="1">TN0123</subfield>
  </datafield>
  <datafield tag="899" ind1=" " ind2=" ">
    <subfield code="a">Biblioteca nazionale universitaria. Torino</subfield>
    <subfield code="z">MUTILO</subfield>
    <subfield code="1">TO0265</subfield>
    <subfield code="2">TO0 02</subfield>
  </datafield>
  <datafield tag="899" ind1=" " ind2=" ">
    <subfield code="a">Biblioteca comunale. Busto Arsizio</subfield>
    <subfield code="1">VA0029</subfield>
    <subfield code="2">ZVA 07</subfield>
  </datafield>
  <datafield tag="899" ind1=" " ind2=" ">
    <subfield code="a">Biblioteca civica Luigi Majno. Gallarate</subfield>
    <subfield code="z">MUTILO</subfield>
    <subfield code="1">VA0059</subfield>
    <subfield code="2">LO1 07</subfield>
  </datafield>
  <datafield tag="899" ind1=" " ind2=" ">
    <subfield code="a">Biblioteca civica. Varese</subfield>
    <subfield code="z">MUTILO</subfield>
    <subfield code="1">VA0116</subfield>
    <subfield code="2">LO1 03</subfield>
  </datafield>
  <datafield tag="899" ind1=" " ind2=" ">
    <subfield code="a">Biblioteca del Seminario arcivescovile di Milano. Venegono Inferiore</subfield>
    <subfield code="1">VA0122</subfield>
    <subfield code="2">ZVA 04</subfield>
  </datafield>
  <datafield tag="911" ind1=" " ind2=" ">
    <subfield code="a">Sul front. della pt. 1 della var. B</subfield>
    <subfield code="9">IT\ICCU\CNCM\001742</subfield>
  </datafield>
  <datafield tag="911" ind1=" " ind2=" ">
    <subfield code="a">Nel coloph. della pt. 2</subfield>
    <subfield code="9">IT\ICCU\CNCM\001333</subfield>
  </datafield>
  <datafield tag="921" ind1=" " ind2=" ">
    <subfield code="a">IT\ICCU\CNCM\001742</subfield>
    <subfield code="b">Cerchio con croce doppia sormontata da stella e iniziali I.A.C.</subfield>
    <subfield code="c">Z304</subfield>
    <subfield code="f">CERCHIO</subfield>
    <subfield code="f">CROCE</subfield>
    <subfield code="f">STELLA</subfield>
    <subfield code="f">IAC</subfield>
    <subfield code="g">1550-1552</subfield>
  </datafield>
  <datafield tag="921" ind1=" " ind2=" ">
    <subfield code="a">IT\ICCU\CNCM\001333</subfield>
    <subfield code="b">Leone rampante sostiene castello con due torri, dentro stemma e in cornice formata da due rami</subfield>
    <subfield code="e">Vicit leo de tribu Iuda</subfield>
    <subfield code="c">A32</subfield>
    <subfield code="c">V106</subfield>
    <subfield code="c">Z796</subfield>
    <subfield code="f">LEONE</subfield>
    <subfield code="f">CASTELLO</subfield>
    <subfield code="g">1541-1553</subfield>
  </datafield>
</record>
</collection>
